@article{matsunobu2020myrocks,
  title={Myrocks: Lsm-tree database storage engine serving facebook's social graph},
  author={Matsunobu, Yoshinori and Dong, Siying and Lee, Herman},
  journal={Proceedings of the VLDB Endowment},
  volume={13},
  number={12},
  pages={3217--3230},
  year={2020},
  publisher={VLDB Endowment}
}

@inproceedings{luo2020rosetta,
  title={Rosetta: A robust space-time optimized range filter for key-value stores},
  author={Luo, Siqiang and Chatterjee, Subarna and Ketsetsidis, Rafael and Dayan, Niv and Qin, Wilson and Idreos, Stratos},
  booktitle={Proceedings of the 2020 ACM SIGMOD International Conference on Management of Data},
  pages={2071--2086},
  year={2020}
}

@inproceedings{zhang2018surf,
  title={Surf: Practical range query filtering with fast succinct tries},
  author={Zhang, Huanchen and Lim, Hyeontaek and Leis, Viktor and Andersen, David G and Kaminsky, Michael and Keeton, Kimberly and Pavlo, Andrew},
  booktitle={Proceedings of the 2018 International Conference on Management of Data},
  pages={323--336},
  year={2018}
}

@inproceedings{cooper2010benchmarking,
  title={Benchmarking cloud serving systems with YCSB},
  author={Cooper, Brian F and Silberstein, Adam and Tam, Erwin and Ramakrishnan, Raghu and Sears, Russell},
  booktitle={Proceedings of the 1st ACM symposium on Cloud computing},
  pages={143--154},
  year={2010}
}
